<record xmlns='http://www.loc.gov/MARC21/slim'><leader>01403cim a22003492u 4500</leader><controlfield tag='001'>3602054</controlfield><controlfield tag='005'>20151214183020.0</controlfield><controlfield tag='007'>ss|lmnjluz|nuu</controlfield><controlfield tag='008'>991101s1988    nyunnn         l    eng d</controlfield><datafield ind1=' ' ind2=' ' tag='035'><subfield code='a'>(NIC)notisASF9119</subfield></datafield><datafield ind1=' ' ind2=' ' tag='035'><subfield code='a'>3602054</subfield></datafield><datafield ind1=' ' ind2=' ' tag='035'><subfield code='a'>(OCoLC)63898699</subfield></datafield><datafield ind1=' ' ind2=' ' tag='040'><subfield code='a'>NIC</subfield><subfield code='c'>NIC</subfield><subfield code='d'>NIC</subfield><subfield code='d'>NIC</subfield></datafield><datafield ind1='1' ind2=' ' tag='100'><subfield code='a'>Snyder, Mitch.</subfield></datafield><datafield ind1='1' ind2='0' tag='245'><subfield code='a'>Homeless in America</subfield><subfield code='h'>[sound recording]</subfield></datafield><datafield ind1=' ' ind2=' ' tag='260'><subfield code='c'>1988.</subfield></datafield><datafield ind1=' ' ind2=' ' tag='300'><subfield code='a'>1 sound cassette (85 min.) :</subfield><subfield code='b'>analog, mono.</subfield></datafield><datafield ind1=' ' ind2=' ' tag='500'><subfield code='a'>Recorded in Ithaca, NY by Cornell University.</subfield></datafield><datafield ind1=' ' ind2=' ' tag='500'><subfield code='a'>Accompanied by: Notes.</subfield></datafield><datafield ind1=' ' ind2=' ' tag='500'><subfield code='a'>Sponsored by: Hotel Administration, School of,Southside Community Shelter,Red Cross Emergency Shelter,Center for Religion, Ethics and Social Policy (CRESP).</subfield></datafield><datafield ind1=' ' ind2=' ' tag='500'><subfield code='a'>Speaker(s): Community for Creative Non-Violence.</subfield></datafield><datafield ind1=' ' ind2=' ' tag='518'><subfield code='a'>Lecture, November 30, 1988.</subfield></datafield><datafield ind1=' ' ind2=' ' tag='520'><subfield code='a'>Snyder discusses the plight of homeless people who cannot find affordable housing in America, suggesting ways in which this problem may be alleviated.</subfield></datafield><datafield ind1=' ' ind2='0' tag='651'><subfield code='a'>United States</subfield><subfield code='x'>Social conditions.</subfield></datafield><datafield ind1=' ' ind2='0' tag='650'><subfield code='a'>Homelessness</subfield><subfield code='z'>United States.</subfield></datafield><datafield ind1=' ' ind2='7' tag='650'><subfield code='a'>Homelessness</subfield><subfield code='2'>fast</subfield><subfield code='0'>(OCoLC)fst00959545</subfield></datafield><datafield ind1=' ' ind2='7' tag='650'><subfield code='a'>Social history</subfield><subfield code='2'>fast</subfield><subfield code='0'>(OCoLC)fst01122498</subfield></datafield><datafield ind1=' ' ind2='7' tag='651'><subfield code='a'>United States</subfield><subfield code='2'>fast</subfield><subfield code='0'>(OCoLC)fst01204155</subfield></datafield><datafield ind1='1' ind2=' ' tag='700'><subfield code='a'>Fennelly, Carol.</subfield></datafield><datafield ind1='1' ind2=' ' tag='899'><subfield code='a'>CULectures</subfield></datafield><datafield ind1=' ' ind2=' ' tag='905'><subfield code='a'>20000324120000.0</subfield></datafield><datafield ind1='2' ind2=' ' tag='948'><subfield code='a'>20141221</subfield><subfield code='b'>m</subfield><subfield code='d'>batch</subfield><subfield code='e'>lts</subfield><subfield code='x'>addfast</subfield></datafield></record>